@misc{codinghorror,
author={Atwood, Jeff},
title={Understanding {M}odel-{V}iew-{C}ontroller. {B}log.codinghorror.com},
year={2008},
howpublished={Retrieved from \url{http://blog.codinghorror.com/understanding-model-view-controller}}
},

@misc{tulib:howtocite,
author={Tulib.tudelft.nl},
title={How to {C}ite},
howpublished={Retrieved November 19, 2014, from \url{http://tulib.tudelft.nl/publishing/how-to-cite/}}
},

@book{tulib:apa,
author={{American Psychological Association}},
title={Publication {M}anual of the {A}merican {P}sychological {A}ssociation},
publisher={American {P}sychological {A}ssociation},
year={2010},
edition={6},
address={Washington, DC}
},

@misc{wiki:mvc,
author={{Model-{V}iew-{C}ontroller}},
title={In {W}ikipedia{,} the {F}ree {E}ncyclopedia},
howpublished={Retrieved November 16, 2014, from \url{http://en.wikipedia.org/wiki/Model-view-controller}}
},

@misc{wiki:scalability,
author={Scalability},
title={In {W}ikipedia{,} the {F}ree {E}ncyclopedia},
howpublished={Retrieved November 22, 2014, from \url{http://en.wikipedia.org/wiki/Scalability}}
},

@misc{playDoc,
author={Playframework.com},
title={Play {F}ramework},
howpublished={Retrieved November 15, 2014, from \url{https://www.playframework.com/documentation/2.3.x/Home}}
},

@misc{backlog,
author={Mountaingoatsoftware.com},
title={Scrum {P}roduct {B}acklog and {A}gile {P}roduct {B}acklog {P}rioritization},
howpublished={Retrieved November 13, 2014, from \url{http://www.mountaingoatsoftware.com/agile/scrum/product-backlog}}
}