=====================Example citing===================
@article{Zhang201476,
title = "Compensation for the damages arising from oil spill incidents: Legislation infrastructure and characteristics of the Chinese regime ",
journal = "Estuarine, Coastal and Shelf Science ",
volume = "140",
number = "0",
pages = "76 - 82",
year = "2014",
note = "",
issn = "0272-7714",
doi = "http://dx.doi.org/10.1016/j.ecss.2013.10.004",
url = "http://www.sciencedirect.com/science/article/pii/S0272771413004435",
author = "Peng Zhang and Ruijun Sun and Linke Ge and Zhen Wang and Hong Chen and Ziwei Yao",
keywords = "oil spill incidents",
keywords = "Chinese compensation regime",
keywords = "environmental losses",
keywords = "compensation scope",
keywords = "theoretical calculation models "
}

@misc{ wiki:Nosql,
   author = "Wikipedia",
   title = "NoSQL --- Wikipedia{,} The Free Encyclopedia",
   url = "http://en.wikipedia.org/w/index.php?title=NoSQL&oldid=633413066"
 }