@misc{ wiki:scalability,
   author = "Wikipedia",
   title = "Scalability --- Wikipedia{,} The Free Encyclopedia",
   year = "2014",
   url = "\url{http://en.wikipedia.org/w/index.php?title=Scalability&oldid=633788403}"
 }